% Encoding: UTF-8

@ARTICLE{Alfonso2010a,
author = {M. Alfonso and B. Bernardo and C. Carlos and D. Domingo},
title = {El problema de los gatos y los perros},
journal = {Mascotas},
year = {2010},
volume = {50},
pages = {112-115}
}

@ARTICLE{Alfonso2010b,
author = {M. Alfonso and M. Marta and N. Nuria},
title = {Mi viaje a {EEUU}},
journal = {Revista de viajes},
year = {2010},
volume = {14},
pages = {50-56}
}
